
@misc{Authors06,
 author = {Authors},
 title = {The frobnicatable foo filter},
 note = {ECCV06 submission ID 324. Supplied as additional material {\tt eccv06.pdf}},
 year = 2006
}

@misc{Authors06b,
 author = {Authors},
 title = {Frobnication tutorial},
 note = {Supplied as additional material {\tt tr.pdf}},
 year = 2006
}

@article{Alpher02,
author = {A. Alpher},
title = {Frobnication},
journal = {Journal of Foo},
volume = 12, 
number = 1, 
pages = {234--778}, 
year = 2002
}

@article{Alpher03,
author = {A. Alpher and J.~P.~N. Fotheringham-Smythe},
title = {Frobnication revisited},
journal = {Journal of Foo},
volume = 13, 
number = 1, 
pages = {234--778}, 
year = 2003
}

@article{Alpher04,
author = {A. Alpher and J.~P.~N. Fotheringham-Smythe and G. Gamow},
title = {Can a machine frobnicate?},
journal = {Journal of Foo},
volume = 14, 
number = 1, 
pages = {234--778}, 
year = 2004
}

@article{Mermin89,
author = {N. David Mermin},
title = {What's wrong with these equations?},
journal = {Physics Today},
year = 1989,
month = oct,
note = {\small\url{http://www.cvpr.org/doc/mermin.pdf}}
}

@Book{Hartley00,
  author       = "Hartley, R.~I. and Zisserman, A.",
  title        = "Multiple View Geometry in Computer Vision",
  year         = "2000",
  publisher    = "Cambridge University Press, ISBN: 0521623049",
}

@InProceedings{Claus05,
  author       = "Claus, D. and Fitzgibbon, A.~W.",
  title        = "A Rational Function Lens Distortion Model for General
                 Cameras",
  booktitle    = "Proc. CVPR",
  year         = "2005",
  pages        = "213--219",
}

@InProceedings{Zhang96,
  author =	 "Z. Zhang",
  title =	 "On the Epipolar Geometry Between Two Images With
                  Lens Distortion",
  booktitle =	 "Proc. ICPR",
  year =	 "1996",
  pages =	 "407--411",
}

@InProceedings{Fitzgibbon01,
  author       = "Fitzgibbon, A.~W.",
  title        = "Simultaneous Linear Estimation of Multiple View
                 Geometry and Lens Distortion",
  booktitle    = "Proc. CVPR",
  year         = "2001"
}

@article{Brown71,
author = {D.~C. Brown},
title = {Close-range camera calibration},
journal = {Photogrammetric Eng.},
volume = 37,
number = 8,
pages = {855--866}, 
year = 1971
}

@article{Devernay01,
author = {F. Devernay and O. Faugeras},
title = {Straight lines have to be straight},
journal = {MVA},
volume = 13,
pages = {14--24}, 
year = 2001
}

@article{Swaminathan00,
author = {R. Swaminathan and S. Nayar},
title = {Nonmetric calibration of wide-angle lenses and polycameras},
journal = {IEEE T-PAMI},
volume = 22,
number = 10,
pages = {1172--1178}, 
year = 2000
}

@InProceedings{Tsai86,
  author =	 "Tsai, Y.~R.",
  title =	 "An Efficient and Accurate Camera Calibration
                  Technique for {3D} Machine Vision",
  booktitle =	 "Proc. CVPR",
  year =	 "1986",
}

@book{MDS,
  title={Multidimensional scaling},
  author={Cox, T.F. and Cox, M.A.A.},
  year={2001},
  publisher={Chapman \& Hall/CRC}
}

@article{Isomap,
  author = {Tenenbaum, Joshua B. and de Silva, Vin and Langford, John C.},
  journal = {Science},
  title = {A Global Geometric Framework for Nonlinear Dimensionality Reduction},
  volume = 290,
  year = 2000
}

@INPROCEEDINGS{Landmark,
    author = {Vin De Silva and Joshua B. Tenenbaum},
    title = {Global versus local methods in nonlinear dimensionality reduction},
    booktitle = {Advances in Neural Information Processing Systems 15},
    year = {2003},
    pages = {705--712},
    publisher = {MIT Press}
}

@article{Grossmann10,
  author = {Etienne Grossmann and Jose Gaspar and Francesco Orabona},
  journal = {Computer Vision and Image Understanding},
  title = {Discrete camera calibration from pixel streams},
  volume = 114,
  number = 2,
  pages = {198-209},
  month= {Feb.},
  year = 2010
}

@book{Dattorro10,
    author = {Jon Dattorro},
    title = {Convex Optimization and Euclidean Distance Geometry},
    year = {2010},
    publisher = {Meboo Publishing USA}
}

@InProceedings{Olsson04,
  author = 	 {L. Olsson and C. L. Nehaniv and D. Polani},
  title = 	 {Sensory Channel Grouping and Structure from Uninterpreted Sensor Data},
  booktitle =	 {NASA/NoD Conf. on Evolvable Hardware},
  year =	 2004
}

@article {Kohonen81,
   author = {Kohonen, Teuvo},
   title = {Self-organized formation of topologically correct feature maps},
   journal = {Biological Cybernetics},
   publisher = {Springer Berlin / Heidelberg},
   pages = {59-69},
   volume = {43},
   year = {1982}
}


@TECHREPORT{Olsson06,
    author = {Lars Olsson and Chrystopher L. Nehaniv and Daniel Polani},
    title = {Measuring informational distances between sensors and sensor integration},
    institution = {In: Artificial Life X},
    year = {2006}
}


@article{Kuipers97,
 author = {Pierce, David and Kuipers, Benjamin J.},
 title = {Map learning with uninterpreted sensors and effectors},
 journal = {Artif. Intell.},
 issue_date = {May 1997},
 volume = {92},
 number = {1-2},
 month = may,
 year = {1997},
  pages = {169--227},
 publisher = {Elsevier Science Publishers Ltd.},
} 

@book{nis09,
 author = {Hyvrinen, Aapo and Hurri, Jarmo and Hoyer, Patrick O.},
 title = {Natural Image Statistics: A Probabilistic Approach to Early Computational Vision.},
 year = {2009},
 isbn = {1848824904, 9781848824904},
 edition = {1st},
 publisher = {Springer},
} 


@article{Volkel03,
 author = {V\"{o}lkel, R. and Eisner, M. and Weible, K. J.},
 title = {Miniaturized imaging systems},
 journal = {Microelectron. Eng.},
 issue_date = {June 2003},
 volume = {67-68},
 number = {1},
 month = jun,
 year = {2003},
 issn = {0167-9317},
 pages = {461--472},
 numpages = {12},
 publisher = {Elsevier Science Ltd.},
} 

@inproceedings{Neumann04,
   author = "Jan Neumann and Cornelia Fermuller and Yiannis Aloimonos and Vladimir Brajovic",
   title = "Compound Eye Sensor for 3D Ego Motion Estimation",
   booktitle = "IROS",
   publisher = "IEEE",
   month = "April",
   year = "2004",
} 

@INPROCEEDINGS{Di09,
author={Si Di and Hui Lin and Ruxu Du},
booktitle={Robotics and Biomimetics, IEEE Int. Conf. on}, title={An artificial compound eyes imaging system based on MEMS technology},
year={2009},
month={Dec.},
xpages={13 -18},
}

@INPROCEEDINGS{Agapito99,
   AUTHOR= {L. Agapito and R. Hartley and E. Hayman},
   TITLE= {Linear calibration of a rotating and zooming camera},
   BOOKTITLE= {CVPR},
   YEAR= {1999},
   TYPE= {2},
   PAGES= {15-21},
   xPUBLISHER= {IEEE Computer Society, Fort Collins, Colorado, USA},
   MONTH= {June},
   DOCUMENTURL= {http://www.dcs.qmul.ac.uk/~lourdes/publ/agapito_etal_cvpr99.ps},
   ISBN= {0-7695-0149-4},
   EAN= {9780769501499},
}

@INPROCEEDINGS{Zhang99,
    author = {Zhengyou Zhang},
    title = {Flexible camera calibration by viewing a plane from unknown orientations},
    booktitle = {in ICCV},
    year = {1999},
    pages = {666--673}
}

@INPROCEEDINGS{Sinha04,
  AUTHOR =       "S. N. Sinha and M. Pollefeys",
  TITLE =        "Towards Calibrating a Pan-Tilt-Zoom Camera Network",
  BOOKTITLE =    "CVIU",
  YEAR =         "2006",
  xmonth =        {Apr},
  pages =        {91-110},
  xaddress =      {Beijing, China},
}



@article{Li11,
    author = {S. Li},
    title = {Concise Formulas for the Area and Volume of a Hyperspherical Cap},
    journal = {Asian Journal of Mathematics and Statistics},
    year = {2011},
    volume = {4},
    issue = {1},
    pages = {66--70}
}


@INPROCEEDINGS{Google08,
author={Talwalkar, A. and Kumar, S. and Rowley, H.},
booktitle={CVPR 2008. IEEE Conference on}, 
title={Large-scale manifold learning},
year={2008},
month={june},
volume={},
number={},
pages={1 -8},
}

@article{CensiScaramuzza13PAMI,
author = {Censi, A. and Scaramuzza, D.},
title = {Calibration by Correlation using Metric Embedding from Non-metric Similarities}, 
journal = {IEEE T-PAMI},
year = {to appear 2013},
}

@MISC{raxels,
    author = {Michael D. Grossberg and Shree K. Nayar},
    title = { The Raxel Imaging Model and Ray-Based Calibration},
    year = {2005}
}